@inproceedings{clarke2003incremental,
  title={Incremental multiset hash functions and their application to memory integrity checking},
  author={Clarke, Dwaine and Devadas, Srinivas and Dijk, Marten van and Gassend, Blaise and Suh, G Edward},
  booktitle={International conference on the theory and application of cryptology and information security},
  pages={188--207},
  year={2003},
  organization={Springer}
}
